<?xml version = "1.0" encoding = "UTF-8"?><OAI-PMH xmlns="http://www.openarchives.org/OAI/2.0/" xmlns:xsi="http://www.w3.org/2001/XMLSchema-instance" xsi:schemaLocation="http://www.openarchives.org/OAI/2.0/ http://www.openarchives.org/OAI/2.0/OAI-PMH.xsd"><ListRecords><record><header><identifier>aleph-publish:014353159</identifier></header><metadata><record xmlns="http://www.ddb.de/professionell/mabxml/mabxml-1.xsd"><leader>00473pM2.01200024------h</leader><controlfield tag="LDR">00473pM2.01200024------h</controlfield><controlfield tag="FMT">MH</controlfield><datafield tag="001" ind1="-" ind2="1"><subfield code="a">HT014620295</subfield></datafield><datafield tag="002" ind1="b" ind2="1"><subfield code="a">20060126</subfield></datafield><datafield tag="003" ind1="-" ind2="1"><subfield code="a">20070621</subfield></datafield><datafield tag="020" ind1="a" ind2="1"><subfield code="a">977837432</subfield><subfield code="b">292</subfield></datafield><datafield tag="026" ind1="-" ind2="1"><subfield code="a">HBZHT014620295</subfield></datafield><controlfield tag="030">a|1daz|z|||17</controlfield><datafield tag="036" ind1="a" ind2="1"><subfield code="a">XA-DE-BW</subfield></datafield><datafield tag="037" ind1="b" ind2="1"><subfield code="a">ger</subfield></datafield><controlfield tag="050">a|a|||||||||||</controlfield><controlfield tag="051">s|||z|||</controlfield><datafield tag="070" ind1="-" ind2="1"><subfield code="a">5</subfield></datafield><datafield tag="070" ind1="a" ind2="1"><subfield code="a">292</subfield></datafield><datafield tag="070" ind1="b" ind2="1"><subfield code="a">467</subfield></datafield><datafield tag="080" ind1="-" ind2="1"><subfield code="a">60</subfield></datafield><datafield tag="100" ind1="-" ind2="1"><subfield code="p">Schieffer, Rudolf</subfield><subfield code="d">1947-</subfield><subfield code="9">(DE-588)121910695</subfield></datafield><datafield tag="101" ind1="-" ind2="1"><subfield code="p">Schieffer, Rudolfus</subfield><subfield code="d">1947-</subfield></datafield><datafield tag="331" ind1="-" ind2="1"><subfield code="a">&lt;&lt;Die&gt;&gt; Karolinger</subfield></datafield><datafield tag="359" ind1="-" ind2="1"><subfield code="a">Rudolf Schieffer</subfield></datafield><datafield tag="403" ind1="-" ind2="1"><subfield code="a">4., überarb. und erw. Aufl.</subfield></datafield><datafield tag="410" ind1="-" ind2="1"><subfield code="a">Stuttgart [u.a.]</subfield></datafield><datafield tag="412" ind1="-" ind2="1"><subfield code="a">Kohlhammer</subfield></datafield><datafield tag="425" ind1="a" ind2="1"><subfield code="a">2006</subfield></datafield><datafield tag="433" ind1="-" ind2="1"><subfield code="a">266 S.</subfield></datafield><datafield tag="451" ind1="-" ind2="1"><subfield code="a">Urban-Taschenbücher ; 411</subfield></datafield><datafield tag="453" ind1="-" ind2="1"><subfield code="a">HT002093334</subfield></datafield><datafield tag="455" ind1="-" ind2="1"><subfield code="a">411</subfield></datafield><datafield tag="456" ind1="-" ind2="1"><subfield code="a">411</subfield></datafield><datafield tag="540" ind1="a" ind2="1"><subfield code="a">3-17-019099-7</subfield></datafield><datafield tag="540" ind1="b" ind2="1"><subfield code="a">978-3-17-019099-7</subfield></datafield><datafield tag="540" ind1="a" ind2="1"><subfield code="a">978-3-17-019099-3</subfield></datafield><datafield tag="700" ind1="l" ind2="1"><subfield code="a">330</subfield></datafield><datafield tag="902" ind1="-" ind2="1"><subfield code="p">Karolinger</subfield><subfield code="9">(DE-588)118721003</subfield></datafield><datafield tag="902" ind1="-" ind2="1"><subfield code="z">Geschichte</subfield></datafield><controlfield tag="SYS">014353159</controlfield><datafield tag="LOW" ind1="-" ind2="1"><subfield code="a">K0001</subfield></datafield><datafield tag="LOW" ind1="-" ind2="1"><subfield code="a">U0001</subfield></datafield><datafield tag="LOW" ind1="-" ind2="1"><subfield code="a">T0010</subfield></datafield><datafield tag="LOW" ind1="-" ind2="1"><subfield code="a">R0001</subfield></datafield><datafield tag="LOW" ind1="-" ind2="1"><subfield code="a">Q0001</subfield></datafield><datafield tag="LOW" ind1="-" ind2="1"><subfield code="a">B2001</subfield></datafield><datafield tag="LOW" ind1="-" ind2="1"><subfield code="a">B0001</subfield></datafield><datafield tag="LOW" ind1="-" ind2="1"><subfield code="a">Q1064</subfield></datafield><datafield tag="HID" ind1="-" ind2="1"><subfield code="s">DTL2ALEPH</subfield><subfield code="c">20070903</subfield><subfield code="l">HBZ01</subfield><subfield code="h">1334</subfield></datafield><datafield tag="952" ind1="-" ind2="1"><subfield code="p">Karolinger</subfield><subfield code="c">Dynastie : 500-1085</subfield></datafield><datafield tag="952" ind1="-" ind2="1"><subfield code="p">Carolingiens</subfield><subfield code="c">Dynastie : 500-1085</subfield></datafield><datafield tag="952" ind1="-" ind2="1"><subfield code="p">Carlovingiens</subfield><subfield code="c">Dynastie : 500-1085</subfield></datafield><datafield tag="952" ind1="-" ind2="1"><subfield code="p">Carolingi</subfield><subfield code="c">Dynastie : 500-1085</subfield></datafield><datafield tag="088" ind1=" " ind2=" "><subfield code="a">5</subfield><subfield code="b">00000010</subfield><subfield code="c">2006/4644</subfield><subfield code="e">ILL Ausleihe</subfield></datafield><datafield tag="088" ind1=" " ind2=" "><subfield code="a">290</subfield><subfield code="b">00000001</subfield><subfield code="c">D 36623/4</subfield><subfield code="e">ILL Ausleihe</subfield></datafield><datafield tag="088" ind1=" " ind2=" "><subfield code="a">294</subfield><subfield code="b">00000021</subfield><subfield code="c">QVA3222:4</subfield><subfield code="e">ILL Ausleihe</subfield></datafield><datafield tag="088" ind1=" " ind2=" "><subfield code="a">294</subfield><subfield code="b">00000021</subfield><subfield code="c">QVA3222+2:4</subfield><subfield code="e">ILL Ausleihe</subfield></datafield><datafield tag="088" ind1=" " ind2=" "><subfield code="a">5/20</subfield><subfield code="b">00053001</subfield><subfield code="c">Dh 792/4</subfield><subfield code="e">keine ILL</subfield></datafield><datafield tag="088" ind1=" " ind2=" "><subfield code="a">929</subfield><subfield code="b">00000000</subfield><subfield code="c">Freihand 330 = 2006/4945</subfield><subfield code="e">ILL Ausleihe</subfield></datafield><datafield tag="088" ind1=" " ind2=" "><subfield code="a">38</subfield><subfield code="b">00000001</subfield><subfield code="c">34A3653</subfield><subfield code="e">ILL Ausleihe</subfield></datafield><datafield tag="088" ind1=" " ind2=" "><subfield code="a">38</subfield><subfield code="b">00000003</subfield><subfield code="c">RG35#</subfield><subfield code="e">ILL Ausleihe</subfield></datafield><datafield tag="088" ind1=" " ind2=" "><subfield code="a">294/11</subfield><subfield code="b">00011000</subfield><subfield code="c">Lk 05.01/24:4</subfield><subfield code="e">keine ILL</subfield></datafield><datafield tag="088" ind1=" " ind2=" "><subfield code="a">294/11</subfield><subfield code="b">00011000</subfield><subfield code="c">Lk 05.01/24:4+1</subfield><subfield code="e">keine ILL</subfield></datafield><datafield tag="088" ind1=" " ind2=" "><subfield code="a">294/11</subfield><subfield code="b">00011000</subfield><subfield code="c">Lk 05.01/24:4+2</subfield><subfield code="e">keine ILL</subfield></datafield><datafield tag="088" ind1=" " ind2=" "><subfield code="a">465</subfield><subfield code="b">E10</subfield><subfield code="c">LCT1313(4)</subfield><subfield code="e">Präsenzbestand</subfield></datafield><datafield tag="088" ind1=" " ind2=" "><subfield code="a">466</subfield><subfield code="b">31</subfield><subfield code="c">LCT1313(4)</subfield><subfield code="e">Normalausleihe</subfield></datafield><datafield tag="088" ind1=" " ind2=" "><subfield code="a">465</subfield><subfield code="b">E11</subfield><subfield code="c">LCT1313(4)+4</subfield><subfield code="e">Ausleihbestand</subfield></datafield><datafield tag="088" ind1=" " ind2=" "><subfield code="a">465</subfield><subfield code="b">E11</subfield><subfield code="c">LCT1313(4)+3</subfield><subfield code="e">Ausleihbestand</subfield></datafield><datafield tag="088" ind1=" " ind2=" "><subfield code="a">467</subfield><subfield code="b">H21-4</subfield><subfield code="c">21LCT1274(4)+1</subfield><subfield code="e">Ausleihbar</subfield></datafield><datafield tag="088" ind1=" " ind2=" "><subfield code="a">467</subfield><subfield code="b">H21-4</subfield><subfield code="c">21LCT1274(4)+2</subfield><subfield code="e">Ausleihbar</subfield></datafield><datafield tag="088" ind1=" " ind2=" "><subfield code="a">467</subfield><subfield code="b">H20-4</subfield><subfield code="c">20LCT1274(4)</subfield><subfield code="e">Nicht ausleihbar</subfield></datafield><datafield tag="088" ind1=" " ind2=" "><subfield code="a">61</subfield><subfield code="b">02</subfield><subfield code="c">hisg754.s332</subfield><subfield code="e">Ausleihbar</subfield></datafield><datafield tag="088" ind1=" " ind2=" "><subfield code="a">466</subfield><subfield code="b">31</subfield><subfield code="c">LCT1313(4)+3</subfield><subfield code="e">Normalausleihe</subfield></datafield><datafield tag="088" ind1=" " ind2=" "><subfield code="a">465</subfield><subfield code="b">E11</subfield><subfield code="c">LCT1313(4)+5</subfield><subfield code="e">Ausleihbestand</subfield></datafield><datafield tag="088" ind1=" " ind2=" "><subfield code="a">465</subfield><subfield code="b">E11</subfield><subfield code="c">LCT1313(4)+2</subfield><subfield code="e">Ausleihbestand</subfield></datafield><datafield tag="088" ind1=" " ind2=" "><subfield code="a">465</subfield><subfield code="b">E11</subfield><subfield code="c">LCT1313(4)+1</subfield><subfield code="e">Ausleihbestand</subfield></datafield><datafield tag="088" ind1=" " ind2=" "><subfield code="a">Kn 28</subfield><subfield code="b">MAG</subfield><subfield code="c">Fad 5217</subfield><subfield code="e">Normalausleihe</subfield></datafield><datafield tag="088" ind1=" " ind2=" "><subfield code="a">Lan 1</subfield><subfield code="b">FRHLD</subfield><subfield code="c">ges 52-375</subfield><subfield code="e">ausleihbar 4 Wo</subfield></datafield><datafield tag="088" ind1=" " ind2=" "><subfield code="a">385</subfield><subfield code="b">30</subfield><subfield code="c">FR/w79931(4)</subfield><subfield code="e">Normalausleihe</subfield></datafield><datafield tag="088" ind1=" " ind2=" "><subfield code="a">466</subfield><subfield code="b">31</subfield><subfield code="c">LCT1313(4)+1</subfield><subfield code="e">Verlust</subfield></datafield><datafield tag="088" ind1=" " ind2=" "><subfield code="a">121</subfield><subfield code="c">08 A 47</subfield><subfield code="e">10</subfield></datafield><datafield tag="088" ind1=" " ind2=" "><subfield code="a">466</subfield><subfield code="b">31</subfield><subfield code="c">LCT1313(4)+4</subfield><subfield code="e">Normalausleihe</subfield></datafield><datafield tag="088" ind1=" " ind2=" "><subfield code="a">466</subfield><subfield code="b">31</subfield><subfield code="c">LCT1313(4)+2</subfield><subfield code="e">Normalausleihe</subfield></datafield><datafield tag="655" ind1="e" ind2=" "><subfield code="u">http://digitool.hbz-nrw.de:1801/webclient/DeliveryManager?pid=2087080&amp;custom_att_2=simple_viewer</subfield><subfield code="y">Die Karolinger</subfield><subfield code="x">Inhaltsverzeichnis</subfield></datafield></record></metadata></record></ListRecords></OAI-PMH>